<?xml version="1.0" encoding="UTF-8"?><collection xmlns="http://www.loc.gov/MARC21/slim"><record><leader>00537nam--2200193-i-4500</leader><controlfield tag="001">000046641</controlfield><controlfield tag="002">20161230</controlfield><controlfield tag="005">20161230201046</controlfield><controlfield tag="008">060222s1000------------r-----000-0-eng-d</controlfield><datafield ind1=" " ind2=" " tag="020"><subfield code="a">8021002247</subfield></datafield><datafield ind1=" " ind2=" " tag="040"><subfield code="a">IFIN-HH</subfield></datafield><datafield ind1=" " ind2=" " tag="080"><subfield code="a">524</subfield></datafield><datafield ind1="1" ind2=" " tag="100"><subfield code="a">Vetsnik, M</subfield></datafield><datafield ind1="1" ind2="0" tag="245"><subfield code="a">Studies on the light and radial velocity changes in variable stars. part ii</subfield><subfield code="c">M. vetesnik, j. papousek</subfield></datafield><datafield ind1=" " ind2=" " tag="260"><subfield code="a">Brne</subfield><subfield code="b">Univerzita J/E/Purkyne V Brne</subfield><subfield code="c">1989</subfield></datafield><datafield ind1=" " ind2=" " tag="300"><subfield code="a">114P</subfield></datafield><datafield ind1="1" ind2=" " tag="700"><subfield code="a">Papousek, J</subfield></datafield><datafield ind1=" " ind2=" " tag="852"><subfield code="a">79965</subfield><subfield code="c">523</subfield></datafield><datafield ind1=" " ind2=" " tag="CAT"><subfield code="a">Sys</subfield><subfield code="c">20141210</subfield><subfield code="h">140325</subfield></datafield></record></collection>